


@online{c,
url = {https://www.spektrum.de/lexikon/physik/lichtgeschwindigkeit/9012},
urldate = {2020-12-05},
title = {Literaturwert für die Lichtgeschwindigkeit c},
year = {2020},
}





@online{wiki:sorp,
url = {https://de.wikipedia.org/wiki/Sorption},
urldate = {2022-21-4},
title = {Wikipedia Seite zu der Soprtion},
year = {2022},
}



@online{e0,
url = {https://www.chemie.de/lexikon/Elementarladung.html},
urldate = {2020-12-05},
title = {Literaturwert für die Elementarladung},
year = {2020},
}
@online{ m0,
url = {https://www.chemie.de/lexikon/Elektron.html},
urldate = {2020-12-05},
title = {Literaturwert für die Ruhemasse eines Elektrons },
year = {2020},
}
@online{ Planck,
url = {https://www.chemie.de/lexikon/Plancksches_Wirkungsquantum.html},
urldate = {2020-12-05},
title = {Literaturwerte für das plancksche Wirkungsquantum},
year = {2020},
}

@online{ Ryd,
url = {https://www.chemie.de/lexikon/Rydberg-Konstante.html},
urldate = {2021-12-06},
title = {Literaturwerte für die Rydberg-Konstante und Energie},
year = {2020},
}

@online{ sommer,
url = {https://www.chemie.de/lexikon/Feinstrukturkonstante.html},
urldate = {2021-04-06},
title = {Literaturwerte für die Sommerfeldsche Feinstrukturkonstante},
year = {2020},
}

@online{ leifi,
url = {https://www.leifiphysik.de/kern-teilchenphysik/radioaktivitaet-fortfuehrung/versuche/gammaspektrum-von-cs-137},
urldate = {2023-05-06},
title = {Leifi: Gammaspektrum von Cs-137.},
year = {2022},
}

@online{chemie,
  author       = {HUG Technik},
  howpublished = {Online},
  title        = {Metallische Werkstoffe, Physikalische Eigenschaften},
  urldate      = {2022-11-04},
  url          = {https://www.hug-technik.com/inhalt/ta/metall.htm}
}

@online{delrin,
  author       = {Reichelt Chemietechnik GmbH},
  howpublished = {Online},
  title        = {polyoxymethylen},
  urldate      = {2022-11-04},
  url          = {https://www.rct-online.de/de/RctGlossar/detail/id/17}
}






@manual{V14,
title = {Versuchsanleitung zu Versuch V14: "Tomographie mit Gamma-Strahlung"},
year = {2022},
organization = {Fakultät Physik, TU Dortmund},
}


