

@online{kb,
url = {https://www.spektrum.de/lexikon/chemie/boltzmann-konstante/1253#},
urldate = {2022-05-25},
title = {Literaturwert für die Boltzmannkonstante},
year = {2022},
}

@manual{KBr,
  author    = "Wikimedia Commons",
  title     = "Struktur von Kaliumbromid",
  url       = "https://de.wikipedia.org/wiki/Kaliumbromid#/media/Datei:NaCl_polyhedra.svg",
  note      = "(accessed on 28.06.2022)",
}



@online{lit,
url = {https://onlinelibrary.wiley.com/doi/abs/10.1002/pssb.2220610223},
urldate = {2022-05-25},
title = {Literaturwert für die Aktivierungsenergie in mit KBr-Kristallen},
year = {2022},
}


@manual{V48,
title = {Versuchsanleitung zu Versuch V48: "Dipolrelaxation in Ionenkristallen"},
year = {2022},
organization = {Fakultät Physik, TU Dortmund},
}


