


@online{c,
url = {https://www.spektrum.de/lexikon/physik/lichtgeschwindigkeit/9012},
urldate = {2020-12-05},
title = {Literaturwert für die Lichtgeschwindigkeit c},
year = {2020},
}

@online{pfeiffer:grund,
url = {https://www.pfeiffer-vacuum.com/de/know-how/einfuehrung-in-die-vakuumtechnik/grundlagen},
urldate = {2022-21-4},
title = {Grundlagen der Vakuumtechnik nach Pfeiffer},
year = {2020},
}

@online{wiki:mfg,
url = {https://de.wikipedia.org/wiki/Mittlere_freie_Wegl%C3%A4nge},
urldate = {2022-21-4},
title = {Wikipedia Seite zu der mittleren freien Weglänge},
year = {2022},
}
@online{wiki:sorp,
url = {https://de.wikipedia.org/wiki/Sorption},
urldate = {2022-21-4},
title = {Wikipedia Seite zu der Soprtion},
year = {2022},
}
@online{pfeiffer:pump,
url = {https://www.pfeiffer-vacuum.com/de/know-how/vakuumerzeugung/pumpprinzipien-und-leistungsdaten-von-vakuumpumpen},
urldate = {2022-21-4},
title = {Pumpbegriffe und Prinzipien nach Pfeiffer},
year = {2022},
}
@online{e0,
url = {https://www.chemie.de/lexikon/Elementarladung.html},
urldate = {2020-12-05},
title = {Literaturwert für die Elementarladung},
year = {2020},
}
@online{ m0,
url = {https://www.chemie.de/lexikon/Elektron.html},
urldate = {2020-12-05},
title = {Literaturwert für die Ruhemasse eines Elektrons },
year = {2020},
}
@online{ Planck,
url = {https://www.chemie.de/lexikon/Plancksches_Wirkungsquantum.html},
urldate = {2020-12-05},
title = {Literaturwerte für das plancksche Wirkungsquantum},
year = {2020},
}

@online{ Ryd,
url = {https://www.chemie.de/lexikon/Rydberg-Konstante.html},
urldate = {2021-12-06},
title = {Literaturwerte für die Rydberg-Konstante und Energie},
year = {2020},
}

@online{ sommer,
url = {https://www.chemie.de/lexikon/Feinstrukturkonstante.html},
urldate = {2021-04-06},
title = {Literaturwerte für die Sommerfeldsche Feinstrukturkonstante},
year = {2020},
}








%@manual{V70,
title = {Versuchsanleitung zu Versuch V70: "Vakuumversuche"},
year = {2022},
organization = {Fakultät Phyik, TU Dortmund},
}


