@online{PDG,
  url = {https://pdglive.lbl.gov/Particle.action?node=S004&init=0},
  urldate = {2022-07-05},
  title = {Myonen},
  year = {2022}
  }


@manual{V01,
title = {Versuchsanleitung zu Versuch V01: "Lebendauer kosmischer Myonen"},
year = {2022},
organization = {Fakult√§t Phyik, TU Dortmund},
}


